%YAML 1.1
%TAG !u! tag:unity3d.com,2011:
--- !u!135 &4749341034144344012
SphereCollider:
  m_ObjectHideFlags: 0
  m_CorrespondingSourceObject: {fileID: 0}
  m_PrefabInstance: {fileID: 0}
  m_PrefabAsset: {fileID: 0}
  m_GameObject: {fileID: 8171208372781524933}
  m_Material: {fileID: 0}
  m_IsTrigger: 1
  m_Enabled: 1
  serializedVersion: 2
  m_Radius: 0.1
  m_Center: {x: 0, y: 0, z: 0}
--- !u!1 &3300168817807826183
GameObject:
  m_ObjectHideFlags: 0
  m_CorrespondingSourceObject: {fileID: 0}
  m_PrefabInstance: {fileID: 0}
  m_PrefabAsset: {fileID: 0}
  serializedVersion: 6
  m_Component:
  - component: {fileID: 3300168817807826176}
  m_Layer: 0
  m_Name: PlayerMesh
  m_TagString: Untagged
  m_Icon: {fileID: 0}
  m_NavMeshLayer: 0
  m_StaticEditorFlags: 0
  m_IsActive: 1
--- !u!4 &3300168817807826176
Transform:
  m_ObjectHideFlags: 0
  m_CorrespondingSourceObject: {fileID: 0}
  m_PrefabInstance: {fileID: 0}
  m_PrefabAsset: {fileID: 0}
  m_GameObject: {fileID: 3300168817807826183}
  m_LocalRotation: {x: 0, y: 0, z: 0, w: 1}
  m_LocalPosition: {x: 0, y: 0, z: 0}
  m_LocalScale: {x: 1, y: 1, z: 1}
  m_Children:
  - {fileID: 7545282825387415474}
  m_Father: {fileID: 3300168819816082178}
  m_RootOrder: 1
  m_LocalEulerAnglesHint: {x: 0, y: 0, z: 0}
--- !u!135 &4749341032537014068
SphereCollider:
  m_ObjectHideFlags: 0
  m_CorrespondingSourceObject: {fileID: 0}
  m_PrefabInstance: {fileID: 0}
  m_PrefabAsset: {fileID: 0}
  m_GameObject: {fileID: 468881686342250549}
  m_Material: {fileID: 0}
  m_IsTrigger: 1
  m_Enabled: 1
  serializedVersion: 2
  m_Radius: 0.1
  m_Center: {x: -0.1, y: 0, z: 0}
--- !u!1 &3300168817903856436
GameObject:
  m_ObjectHideFlags: 0
  m_CorrespondingSourceObject: {fileID: 0}
  m_PrefabInstance: {fileID: 0}
  m_PrefabAsset: {fileID: 0}
  serializedVersion: 6
  m_Component:
  - component: {fileID: 3300168817903856437}
  m_Layer: 0
  m_Name: WeaponHolder
  m_TagString: Untagged
  m_Icon: {fileID: 0}
  m_NavMeshLayer: 0
  m_StaticEditorFlags: 0
  m_IsActive: 1
--- !u!4 &3300168817903856437
Transform:
  m_ObjectHideFlags: 0
  m_CorrespondingSourceObject: {fileID: 0}
  m_PrefabInstance: {fileID: 0}
  m_PrefabAsset: {fileID: 0}
  m_GameObject: {fileID: 3300168817903856436}
  m_LocalRotation: {x: -0, y: -0, z: -0, w: 1}
  m_LocalPosition: {x: 0.28700003, y: -0.385, z: 0.62100005}
  m_LocalScale: {x: 1, y: 1, z: 1}
  m_Children:
  - {fileID: 9070446759048013575}
  - {fileID: 7545282825746745253}
  m_Father: {fileID: 240002440381189192}
  m_RootOrder: 0
  m_LocalEulerAnglesHint: {x: 0, y: 0, z: 0}
--- !u!135 &4749341034379953332
SphereCollider:
  m_ObjectHideFlags: 0
  m_CorrespondingSourceObject: {fileID: 0}
  m_PrefabInstance: {fileID: 0}
  m_PrefabAsset: {fileID: 0}
  m_GameObject: {fileID: 3455094004938268651}
  m_Material: {fileID: 0}
  m_IsTrigger: 1
  m_Enabled: 1
  serializedVersion: 2
  m_Radius: 0.18
  m_Center: {x: 0, y: 0, z: 0}
--- !u!135 &4749341032728340603
SphereCollider:
  m_ObjectHideFlags: 0
  m_CorrespondingSourceObject: {fileID: 0}
  m_PrefabInstance: {fileID: 0}
  m_PrefabAsset: {fileID: 0}
  m_GameObject: {fileID: 8367245998239626258}
  m_Material: {fileID: 0}
  m_IsTrigger: 1
  m_Enabled: 1
  serializedVersion: 2
  m_Radius: 0.18
  m_Center: {x: 0, y: 0, z: 0}
--- !u!136 &4749341032811811949
CapsuleCollider:
  m_ObjectHideFlags: 0
  m_CorrespondingSourceObject: {fileID: 0}
  m_PrefabInstance: {fileID: 0}
  m_PrefabAsset: {fileID: 0}
  m_GameObject: {fileID: 6916541524945073049}
  m_Material: {fileID: 0}
  m_IsTrigger: 1
  m_Enabled: 1
  m_Radius: 0.1
  m_Height: 0.35
  m_Direction: 0
  m_Center: {x: -0.15, y: 0, z: 0}
--- !u!135 &4749341034144344009
SphereCollider:
  m_ObjectHideFlags: 0
  m_CorrespondingSourceObject: {fileID: 0}
  m_PrefabInstance: {fileID: 0}
  m_PrefabAsset: {fileID: 0}
  m_GameObject: {fileID: 7692128878984692388}
  m_Material: {fileID: 0}
  m_IsTrigger: 1
  m_Enabled: 1
  serializedVersion: 2
  m_Radius: 0.1
  m_Center: {x: 0, y: 0, z: 0}
--- !u!135 &4749341034329120240
SphereCollider:
  m_ObjectHideFlags: 0
  m_CorrespondingSourceObject: {fileID: 0}
  m_PrefabInstance: {fileID: 0}
  m_PrefabAsset: {fileID: 0}
  m_GameObject: {fileID: 262963482899206714}
  m_Material: {fileID: 0}
  m_IsTrigger: 1
  m_Enabled: 1
  serializedVersion: 2
  m_Radius: 0.18
  m_Center: {x: 0, y: 0, z: 0}
--- !u!1 &3300168818236209831
GameObject:
  m_ObjectHideFlags: 0
  m_CorrespondingSourceObject: {fileID: 0}
  m_PrefabInstance: {fileID: 0}
  m_PrefabAsset: {fileID: 0}
  serializedVersion: 6
  m_Component:
  - component: {fileID: 3300168818236209824}
  m_Layer: 0
  m_Name: RayCastEmpty
  m_TagString: Untagged
  m_Icon: {fileID: 0}
  m_NavMeshLayer: 0
  m_StaticEditorFlags: 0
  m_IsActive: 1
--- !u!4 &3300168818236209824
Transform:
  m_ObjectHideFlags: 0
  m_CorrespondingSourceObject: {fileID: 0}
  m_PrefabInstance: {fileID: 0}
  m_PrefabAsset: {fileID: 0}
  m_GameObject: {fileID: 3300168818236209831}
  m_LocalRotation: {x: 0, y: 0, z: 0, w: 1}
  m_LocalPosition: {x: 0, y: 0, z: 0}
  m_LocalScale: {x: 1, y: 1, z: 1}
  m_Children: []
  m_Father: {fileID: 3300168819816082178}
  m_RootOrder: 2
  m_LocalEulerAnglesHint: {x: 0, y: 0, z: 0}
--- !u!135 &4749341032959603746
SphereCollider:
  m_ObjectHideFlags: 0
  m_CorrespondingSourceObject: {fileID: 0}
  m_PrefabInstance: {fileID: 0}
  m_PrefabAsset: {fileID: 0}
  m_GameObject: {fileID: 2858490732235856834}
  m_Material: {fileID: 0}
  m_IsTrigger: 1
  m_Enabled: 1
  serializedVersion: 2
  m_Radius: 0.18
  m_Center: {x: 0, y: 0, z: 0}
--- !u!136 &4749341034144344007
CapsuleCollider:
  m_ObjectHideFlags: 0
  m_CorrespondingSourceObject: {fileID: 0}
  m_PrefabInstance: {fileID: 0}
  m_PrefabAsset: {fileID: 0}
  m_GameObject: {fileID: 1917703029734152767}
  m_Material: {fileID: 0}
  m_IsTrigger: 1
  m_Enabled: 1
  m_Radius: 0.1
  m_Height: 0.5
  m_Direction: 0
  m_Center: {x: -0.2, y: 0, z: 0}
--- !u!136 &4749341034156368724
CapsuleCollider:
  m_ObjectHideFlags: 0
  m_CorrespondingSourceObject: {fileID: 0}
  m_PrefabInstance: {fileID: 0}
  m_PrefabAsset: {fileID: 0}
  m_GameObject: {fileID: 7758599734134628066}
  m_Material: {fileID: 0}
  m_IsTrigger: 1
  m_Enabled: 1
  m_Radius: 0.1
  m_Height: 0.4
  m_Direction: 0
  m_Center: {x: -0.14, y: 0, z: 0}
--- !u!136 &4749341034144344011
CapsuleCollider:
  m_ObjectHideFlags: 0
  m_CorrespondingSourceObject: {fileID: 0}
  m_PrefabInstance: {fileID: 0}
  m_PrefabAsset: {fileID: 0}
  m_GameObject: {fileID: 7465735432131827064}
  m_Material: {fileID: 0}
  m_IsTrigger: 1
  m_Enabled: 1
  m_Radius: 0.1
  m_Height: 0.5
  m_Direction: 0
  m_Center: {x: -0.2, y: 0, z: 0}
--- !u!136 &4749341033206852048
CapsuleCollider:
  m_ObjectHideFlags: 0
  m_CorrespondingSourceObject: {fileID: 0}
  m_PrefabInstance: {fileID: 0}
  m_PrefabAsset: {fileID: 0}
  m_GameObject: {fileID: 1779188526398101520}
  m_Material: {fileID: 0}
  m_IsTrigger: 1
  m_Enabled: 1
  m_Radius: 0.1
  m_Height: 0.35
  m_Direction: 0
  m_Center: {x: -0.15, y: 0, z: 0}
--- !u!1 &3300168819045376019
GameObject:
  m_ObjectHideFlags: 0
  m_CorrespondingSourceObject: {fileID: 0}
  m_PrefabInstance: {fileID: 0}
  m_PrefabAsset: {fileID: 0}
  serializedVersion: 6
  m_Component:
  - component: {fileID: 3300168819045376028}
  - component: {fileID: 3300168819045376031}
  - component: {fileID: 3300168819045376029}
  m_Layer: 0
  m_Name: Player1Camera
  m_TagString: Untagged
  m_Icon: {fileID: 0}
  m_NavMeshLayer: 0
  m_StaticEditorFlags: 0
  m_IsActive: 1
--- !u!4 &3300168819045376028
Transform:
  m_ObjectHideFlags: 0
  m_CorrespondingSourceObject: {fileID: 0}
  m_PrefabInstance: {fileID: 0}
  m_PrefabAsset: {fileID: 0}
  m_GameObject: {fileID: 3300168819045376019}
  m_LocalRotation: {x: -0, y: -0, z: -0, w: 1}
  m_LocalPosition: {x: 0, y: 1.7, z: 0}
  m_LocalScale: {x: 1, y: 1, z: 1}
  m_Children:
  - {fileID: 240002440381189192}
  m_Father: {fileID: 3300168819816082178}
  m_RootOrder: 0
  m_LocalEulerAnglesHint: {x: 0, y: 0, z: 0}
--- !u!20 &3300168819045376031
Camera:
  m_ObjectHideFlags: 0
  m_CorrespondingSourceObject: {fileID: 0}
  m_PrefabInstance: {fileID: 0}
  m_PrefabAsset: {fileID: 0}
  m_GameObject: {fileID: 3300168819045376019}
  m_Enabled: 1
  serializedVersion: 2
  m_ClearFlags: 1
  m_BackGroundColor: {r: 0.19215687, g: 0.3019608, b: 0.4745098, a: 0}
  m_projectionMatrixMode: 1
  m_GateFitMode: 2
  m_FOVAxisMode: 0
  m_SensorSize: {x: 36, y: 24}
  m_LensShift: {x: 0, y: 0}
  m_FocalLength: 50
  m_NormalizedViewPortRect:
    serializedVersion: 2
    x: 0
    y: 0
    width: 1
    height: 1
  near clip plane: 0.01
  far clip plane: 1000
  field of view: 80
  orthographic: 0
  orthographic size: 5
  m_Depth: -1
  m_CullingMask:
    serializedVersion: 2
    m_Bits: 10039
  m_RenderingPath: -1
  m_TargetTexture: {fileID: 0}
  m_TargetDisplay: 0
  m_TargetEye: 3
  m_HDR: 0
  m_AllowMSAA: 0
  m_AllowDynamicResolution: 0
  m_ForceIntoRT: 0
  m_OcclusionCulling: 1
  m_StereoConvergence: 10
  m_StereoSeparation: 0.022
--- !u!114 &3300168819045376029
MonoBehaviour:
  m_ObjectHideFlags: 0
  m_CorrespondingSourceObject: {fileID: 0}
  m_PrefabInstance: {fileID: 0}
  m_PrefabAsset: {fileID: 0}
  m_GameObject: {fileID: 3300168819045376019}
  m_Enabled: 1
  m_EditorHideFlags: 0
  m_Script: {fileID: 11500000, guid: 23c1ce4fb46143f46bc5cb5224c934f6, type: 3}
  m_Name: 
  m_EditorClassIdentifier: 
  clearColorMode: 0
  backgroundColorHDR: {r: 0.025, g: 0.07, b: 0.19, a: 0}
  clearDepth: 1
  volumeLayerMask:
    serializedVersion: 2
    m_Bits: 10039
  volumeAnchorOverride: {fileID: 0}
  antialiasing: 2
  SMAAQuality: 2
  dithering: 1
  stopNaNs: 0
  physicalParameters:
    m_Iso: 200
    m_ShutterSpeed: 0.005
    m_Aperture: 16
    m_BladeCount: 5
    m_Curvature: {x: 2, y: 11}
    m_BarrelClipping: 0.25
    m_Anamorphism: 0
  flipYMode: 0
  fullscreenPassthrough: 0
  allowDynamicResolution: 0
  customRenderingSettings: 0
  invertFaceCulling: 0
  probeLayerMask:
    serializedVersion: 2
    m_Bits: 10039
  m_RenderingPathCustomFrameSettings:
    bitDatas:
      data1: 69284256546589
      data2: 4539628424389459968
    lodBias: 1
    lodBiasMode: 0
    maximumLODLevel: 0
    maximumLODLevelMode: 0
  renderingPathCustomFrameSettingsOverrideMask:
    mask:
      data1: 0
      data2: 0
  defaultFrameSettings: 0
  m_Version: 5
  m_ObsoleteRenderingPath: 0
  m_ObsoleteFrameSettings:
    overrides: 0
    enableShadow: 0
    enableContactShadows: 0
    enableShadowMask: 0
    enableSSR: 0
    enableSSAO: 0
    enableSubsurfaceScattering: 0
    enableTransmission: 0
    enableAtmosphericScattering: 0
    enableVolumetrics: 0
    enableReprojectionForVolumetrics: 0
    enableLightLayers: 0
    enableExposureControl: 1
    diffuseGlobalDimmer: 0
    specularGlobalDimmer: 0
    shaderLitMode: 0
    enableDepthPrepassWithDeferredRendering: 0
    enableTransparentPrepass: 0
    enableMotionVectors: 0
    enableObjectMotionVectors: 0
    enableDecals: 0
    enableRoughRefraction: 0
    enableTransparentPostpass: 0
    enableDistortion: 0
    enablePostprocess: 0
    enableOpaqueObjects: 0
    enableTransparentObjects: 0
    enableRealtimePlanarReflection: 0
    enableMSAA: 0
    enableAsyncCompute: 0
    runLightListAsync: 0
    runSSRAsync: 0
    runSSAOAsync: 0
    runContactShadowsAsync: 0
    runVolumeVoxelizationAsync: 0
    lightLoopSettings:
      overrides: 0
      enableDeferredTileAndCluster: 0
      enableComputeLightEvaluation: 0
      enableComputeLightVariants: 0
      enableComputeMaterialVariants: 0
      enableFptlForForwardOpaque: 0
      enableBigTilePrepass: 0
      isFptlEnabled: 0
--- !u!135 &4749341034394779893
SphereCollider:
  m_ObjectHideFlags: 0
  m_CorrespondingSourceObject: {fileID: 0}
  m_PrefabInstance: {fileID: 0}
  m_PrefabAsset: {fileID: 0}
  m_GameObject: {fileID: 4132169427103713407}
  m_Material: {fileID: 0}
  m_IsTrigger: 1
  m_Enabled: 1
  serializedVersion: 2
  m_Radius: 0.1
  m_Center: {x: -0.1, y: 0, z: 0}
--- !u!135 &4749341034340367513
SphereCollider:
  m_ObjectHideFlags: 0
  m_CorrespondingSourceObject: {fileID: 0}
  m_PrefabInstance: {fileID: 0}
  m_PrefabAsset: {fileID: 0}
  m_GameObject: {fileID: 8682502877630007540}
  m_Material: {fileID: 0}
  m_IsTrigger: 1
  m_Enabled: 1
  serializedVersion: 2
  m_Radius: 0.18
  m_Center: {x: 0, y: 0, z: 0}
--- !u!136 &4749341034144344010
CapsuleCollider:
  m_ObjectHideFlags: 0
  m_CorrespondingSourceObject: {fileID: 0}
  m_PrefabInstance: {fileID: 0}
  m_PrefabAsset: {fileID: 0}
  m_GameObject: {fileID: 1546597581113388761}
  m_Material: {fileID: 0}
  m_IsTrigger: 1
  m_Enabled: 1
  m_Radius: 0.1
  m_Height: 0.5
  m_Direction: 0
  m_Center: {x: -0.2, y: 0, z: 0}
--- !u!135 &4749341033585311705
SphereCollider:
  m_ObjectHideFlags: 0
  m_CorrespondingSourceObject: {fileID: 0}
  m_PrefabInstance: {fileID: 0}
  m_PrefabAsset: {fileID: 0}
  m_GameObject: {fileID: 7982645789812766805}
  m_Material: {fileID: 0}
  m_IsTrigger: 1
  m_Enabled: 1
  serializedVersion: 2
  m_Radius: 0.15
  m_Center: {x: 0, y: 0, z: 0}
--- !u!136 &4749341034144344008
CapsuleCollider:
  m_ObjectHideFlags: 0
  m_CorrespondingSourceObject: {fileID: 0}
  m_PrefabInstance: {fileID: 0}
  m_PrefabAsset: {fileID: 0}
  m_GameObject: {fileID: 1180423439547107491}
  m_Material: {fileID: 0}
  m_IsTrigger: 1
  m_Enabled: 1
  m_Radius: 0.1
  m_Height: 0.5
  m_Direction: 0
  m_Center: {x: -0.2, y: 0, z: 0}
--- !u!136 &4749341033692354946
CapsuleCollider:
  m_ObjectHideFlags: 0
  m_CorrespondingSourceObject: {fileID: 0}
  m_PrefabInstance: {fileID: 0}
  m_PrefabAsset: {fileID: 0}
  m_GameObject: {fileID: 3227885883935032354}
  m_Material: {fileID: 0}
  m_IsTrigger: 1
  m_Enabled: 1
  m_Radius: 0.1
  m_Height: 0.4
  m_Direction: 0
  m_Center: {x: -0.14, y: 0, z: 0}
--- !u!135 &4749341032505832084
SphereCollider:
  m_ObjectHideFlags: 0
  m_CorrespondingSourceObject: {fileID: 0}
  m_PrefabInstance: {fileID: 0}
  m_PrefabAsset: {fileID: 0}
  m_GameObject: {fileID: 9202805815992895110}
  m_Material: {fileID: 0}
  m_IsTrigger: 1
  m_Enabled: 1
  serializedVersion: 2
  m_Radius: 0.18
  m_Center: {x: 0, y: 0, z: 0}
--- !u!1 &3300168819816082183
GameObject:
  m_ObjectHideFlags: 0
  m_CorrespondingSourceObject: {fileID: 0}
  m_PrefabInstance: {fileID: 0}
  m_PrefabAsset: {fileID: 0}
  serializedVersion: 6
  m_Component:
  - component: {fileID: 3300168819816082178}
  - component: {fileID: 3300168819816082177}
  - component: {fileID: 3300168819816082176}
  - component: {fileID: 3300168819816082184}
  - component: {fileID: 3300168819816082191}
  - component: {fileID: 1294370049075207277}
  - component: {fileID: 3300168819816082190}
  - component: {fileID: 3300168819816082179}
  - component: {fileID: 3300168819816082189}
  - component: {fileID: 3300168819816082188}
  - component: {fileID: 3300168819816082186}
  - component: {fileID: 3300168819816082185}
  m_Layer: 0
  m_Name: PlayerPrefab(almostFinished)
  m_TagString: Untagged
  m_Icon: {fileID: 0}
  m_NavMeshLayer: 0
  m_StaticEditorFlags: 0
  m_IsActive: 1
--- !u!4 &3300168819816082178
Transform:
  m_ObjectHideFlags: 0
  m_CorrespondingSourceObject: {fileID: 0}
  m_PrefabInstance: {fileID: 0}
  m_PrefabAsset: {fileID: 0}
  m_GameObject: {fileID: 3300168819816082183}
  m_LocalRotation: {x: 0, y: 1, z: 0, w: 0}
  m_LocalPosition: {x: 3.16, y: 0, z: 5.43}
  m_LocalScale: {x: 1, y: 1, z: 1}
  m_Children:
  - {fileID: 3300168819045376028}
  - {fileID: 3300168817807826176}
  - {fileID: 3300168818236209824}
  m_Father: {fileID: 0}
  m_RootOrder: 0
  m_LocalEulerAnglesHint: {x: 0, y: 180, z: 0}
--- !u!136 &3300168819816082177
CapsuleCollider:
  m_ObjectHideFlags: 0
  m_CorrespondingSourceObject: {fileID: 0}
  m_PrefabInstance: {fileID: 0}
  m_PrefabAsset: {fileID: 0}
  m_GameObject: {fileID: 3300168819816082183}
  m_Material: {fileID: 0}
  m_IsTrigger: 0
  m_Enabled: 1
  m_Radius: 0.5
  m_Height: 2
  m_Direction: 1
  m_Center: {x: 0, y: 1, z: 0}
--- !u!54 &3300168819816082176
Rigidbody:
  m_ObjectHideFlags: 0
  m_CorrespondingSourceObject: {fileID: 0}
  m_PrefabInstance: {fileID: 0}
  m_PrefabAsset: {fileID: 0}
  m_GameObject: {fileID: 3300168819816082183}
  serializedVersion: 2
  m_Mass: 1
  m_Drag: 0
  m_AngularDrag: 0.05
  m_UseGravity: 1
  m_IsKinematic: 0
  m_Interpolate: 0
  m_Constraints: 112
  m_CollisionDetection: 0
--- !u!114 &3300168819816082184
MonoBehaviour:
  m_ObjectHideFlags: 0
  m_CorrespondingSourceObject: {fileID: 0}
  m_PrefabInstance: {fileID: 0}
  m_PrefabAsset: {fileID: 0}
  m_GameObject: {fileID: 3300168819816082183}
  m_Enabled: 1
  m_EditorHideFlags: 0
  m_Script: {fileID: 11500000, guid: 555444ca9cfed6a4898e1f6bfbe1c395, type: 3}
  m_Name: 
  m_EditorClassIdentifier: 
  moveString: VerticalP1
  strafeString: HorizontalP1
  lookUpString: LookUpP1
  turnString: TurnAroundP1
  jumpString: JumpP1
  shootString: ShootP1
  reloadString: ReloadP1
  switchWeaponString: SwitchWeaponP1
  changeFireModeString: ChangeWeaponModeP1
  optionsMenuString: OptionsMenuP1
  shootDeadZone: 0.9
  isGrounded: 0
  anim: {fileID: 449296741016419016}
--- !u!114 &3300168819816082191
MonoBehaviour:
  m_ObjectHideFlags: 0
  m_CorrespondingSourceObject: {fileID: 0}
  m_PrefabInstance: {fileID: 0}
  m_PrefabAsset: {fileID: 0}
  m_GameObject: {fileID: 3300168819816082183}
  m_Enabled: 1
  m_EditorHideFlags: 0
  m_Script: {fileID: 11500000, guid: e5af49fa4bdc0854981798c7472b7c92, type: 3}
  m_Name: 
  m_EditorClassIdentifier: 
  horizontalSpeed: 15
  verticalSpeed: 10
  cameraRotationLimit: 75
  YJoystickSensitivity: 3
  XJoystickSensitivity: 1.5
  maxSpeed: 8.5
  acceleration: 2
  friction: 0.2
  minMoveFactor: 0.2
  jumpForce: 350
  inAirFactor: 0.1
  playerCam: {fileID: 3300168819045376031}
  defaultFOV: 80
  maxFOV: 85
  rayCastEmpty: {fileID: 3300168818236209831}
  numOfRays: 8
  rayCastRadius: 0.45
  rayCastYOffset: 1
  rayCastLength: 1.1
  rayCastLayer:
    serializedVersion: 2
    m_Bits: 4294967295
  switchWeaponTime: 0.5
  selfLayer: Player1Ego
  otherPlayerLayer: Player1character
--- !u!114 &1294370049075207277
MonoBehaviour:
  m_ObjectHideFlags: 0
  m_CorrespondingSourceObject: {fileID: 0}
  m_PrefabInstance: {fileID: 0}
  m_PrefabAsset: {fileID: 0}
  m_GameObject: {fileID: 3300168819816082183}
  m_Enabled: 1
  m_EditorHideFlags: 0
  m_Script: {fileID: 11500000, guid: 36eafd803df52ef458f3dd9dfaba9ba4, type: 3}
  m_Name: 
  m_EditorClassIdentifier: 
  maxHealth: 100
  currentHealth: 100
  healthRefillvalue: 25
--- !u!114 &3300168819816082190
MonoBehaviour:
  m_ObjectHideFlags: 0
  m_CorrespondingSourceObject: {fileID: 0}
  m_PrefabInstance: {fileID: 0}
  m_PrefabAsset: {fileID: 0}
  m_GameObject: {fileID: 3300168819816082183}
  m_Enabled: 1
  m_EditorHideFlags: 0
  m_Script: {fileID: 11500000, guid: a1832704c45d7d542ab128a960b50d4a, type: 3}
  m_Name: 
  m_EditorClassIdentifier: 
  weaponparticleEffectsPools: {fileID: 0}
  weaponHolder: {fileID: 3300168817903856437}
  minRangeForEffect: 0
  weaponEmpty: {fileID: 240002440381189192}
  fOVAdd: 0.3
  fovTimerFactor: 10
  switchingFactor: 7
  weaponEmptyRotation: 30
--- !u!114 &3300168819816082179
MonoBehaviour:
  m_ObjectHideFlags: 0
  m_CorrespondingSourceObject: {fileID: 0}
  m_PrefabInstance: {fileID: 0}
  m_PrefabAsset: {fileID: 0}
  m_GameObject: {fileID: 3300168819816082183}
  m_Enabled: 1
  m_EditorHideFlags: 0
  m_Script: {fileID: 11500000, guid: 0d9e92937fb76f7419e2cb44ff575bef, type: 3}
  m_Name: 
  m_EditorClassIdentifier: 
  healthPackTag: Healthpack
  assaultRifleAmmoTag: ARAmmo
  shotgunAmmoTag: ShotgunAmmo
  energyAmmoTag: EnergyAmmo
  jumpPadString: JumpPad
--- !u!114 &3300168819816082189
MonoBehaviour:
  m_ObjectHideFlags: 0
  m_CorrespondingSourceObject: {fileID: 0}
  m_PrefabInstance: {fileID: 0}
  m_PrefabAsset: {fileID: 0}
  m_GameObject: {fileID: 3300168819816082183}
  m_Enabled: 1
  m_EditorHideFlags: 0
  m_Script: {fileID: 11500000, guid: b6a668563c4daaf42acd402e55bf5d98, type: 3}
  m_Name: 
  m_EditorClassIdentifier: 
--- !u!114 &3300168819816082188
MonoBehaviour:
  m_ObjectHideFlags: 0
  m_CorrespondingSourceObject: {fileID: 0}
  m_PrefabInstance: {fileID: 0}
  m_PrefabAsset: {fileID: 0}
  m_GameObject: {fileID: 3300168819816082183}
  m_Enabled: 1
  m_EditorHideFlags: 0
  m_Script: {fileID: 11500000, guid: 28df0922b8cfd6b49b2d6e31c02de839, type: 3}
  m_Name: 
  m_EditorClassIdentifier: 
--- !u!114 &3300168819816082186
MonoBehaviour:
  m_ObjectHideFlags: 0
  m_CorrespondingSourceObject: {fileID: 0}
  m_PrefabInstance: {fileID: 0}
  m_PrefabAsset: {fileID: 0}
  m_GameObject: {fileID: 3300168819816082183}
  m_Enabled: 1
  m_EditorHideFlags: 0
  m_Script: {fileID: 11500000, guid: c48c5a0ce58715447afd4b3495ee7f59, type: 3}
  m_Name: 
  m_EditorClassIdentifier: 
--- !u!114 &3300168819816082185
MonoBehaviour:
  m_ObjectHideFlags: 0
  m_CorrespondingSourceObject: {fileID: 0}
  m_PrefabInstance: {fileID: 0}
  m_PrefabAsset: {fileID: 0}
  m_GameObject: {fileID: 3300168819816082183}
  m_Enabled: 1
  m_EditorHideFlags: 0
  m_Script: {fileID: 11500000, guid: 59cdfc1eb7b6869418b864cae9225bc9, type: 3}
  m_Name: 
  m_EditorClassIdentifier: 
--- !u!1 &9119352398150432148
GameObject:
  m_ObjectHideFlags: 0
  m_CorrespondingSourceObject: {fileID: 0}
  m_PrefabInstance: {fileID: 0}
  m_PrefabAsset: {fileID: 0}
  serializedVersion: 6
  m_Component:
  - component: {fileID: 240002440381189192}
  m_Layer: 0
  m_Name: WeaponEmpty
  m_TagString: Untagged
  m_Icon: {fileID: 0}
  m_NavMeshLayer: 0
  m_StaticEditorFlags: 0
  m_IsActive: 1
--- !u!4 &240002440381189192
Transform:
  m_ObjectHideFlags: 0
  m_CorrespondingSourceObject: {fileID: 0}
  m_PrefabInstance: {fileID: 0}
  m_PrefabAsset: {fileID: 0}
  m_GameObject: {fileID: 9119352398150432148}
  m_LocalRotation: {x: 0, y: 0, z: 0, w: 1}
  m_LocalPosition: {x: 0, y: 0, z: 0}
  m_LocalScale: {x: 1, y: 1, z: 1}
  m_Children:
  - {fileID: 3300168817903856437}
  m_Father: {fileID: 3300168819045376028}
  m_RootOrder: 0
  m_LocalEulerAnglesHint: {x: 0, y: 0, z: 0}
--- !u!1001 &3300168818010185138
PrefabInstance:
  m_ObjectHideFlags: 0
  serializedVersion: 2
  m_Modification:
    m_TransformParent: {fileID: 3300168817903856437}
    m_Modifications:
    - target: {fileID: 5777059815204797108, guid: da020e434b8308e45a6f117a5a7cac79,
        type: 3}
      propertyPath: m_Name
      value: AssaultRifle
      objectReference: {fileID: 0}
    - target: {fileID: 5777059815204797108, guid: da020e434b8308e45a6f117a5a7cac79,
        type: 3}
      propertyPath: m_Layer
      value: 10
      objectReference: {fileID: 0}
    - target: {fileID: 5777059815204797109, guid: da020e434b8308e45a6f117a5a7cac79,
        type: 3}
      propertyPath: m_LocalPosition.x
      value: 0
      objectReference: {fileID: 0}
    - target: {fileID: 5777059815204797109, guid: da020e434b8308e45a6f117a5a7cac79,
        type: 3}
      propertyPath: m_LocalPosition.y
      value: 0
      objectReference: {fileID: 0}
    - target: {fileID: 5777059815204797109, guid: da020e434b8308e45a6f117a5a7cac79,
        type: 3}
      propertyPath: m_LocalPosition.z
      value: 0
      objectReference: {fileID: 0}
    - target: {fileID: 5777059815204797109, guid: da020e434b8308e45a6f117a5a7cac79,
        type: 3}
      propertyPath: m_LocalRotation.x
      value: 0
      objectReference: {fileID: 0}
    - target: {fileID: 5777059815204797109, guid: da020e434b8308e45a6f117a5a7cac79,
        type: 3}
      propertyPath: m_LocalRotation.y
      value: 0
      objectReference: {fileID: 0}
    - target: {fileID: 5777059815204797109, guid: da020e434b8308e45a6f117a5a7cac79,
        type: 3}
      propertyPath: m_LocalRotation.z
      value: 0
      objectReference: {fileID: 0}
    - target: {fileID: 5777059815204797109, guid: da020e434b8308e45a6f117a5a7cac79,
        type: 3}
      propertyPath: m_LocalRotation.w
      value: 1
      objectReference: {fileID: 0}
    - target: {fileID: 5777059815204797109, guid: da020e434b8308e45a6f117a5a7cac79,
        type: 3}
      propertyPath: m_RootOrder
      value: 0
      objectReference: {fileID: 0}
    - target: {fileID: 5777059815204797109, guid: da020e434b8308e45a6f117a5a7cac79,
        type: 3}
      propertyPath: m_LocalEulerAnglesHint.x
      value: 0
      objectReference: {fileID: 0}
    - target: {fileID: 5777059815204797109, guid: da020e434b8308e45a6f117a5a7cac79,
        type: 3}
      propertyPath: m_LocalEulerAnglesHint.y
      value: 0
      objectReference: {fileID: 0}
    - target: {fileID: 5777059815204797109, guid: da020e434b8308e45a6f117a5a7cac79,
        type: 3}
      propertyPath: m_LocalEulerAnglesHint.z
      value: 0
      objectReference: {fileID: 0}
    - target: {fileID: 7262310674617479880, guid: da020e434b8308e45a6f117a5a7cac79,
        type: 3}
      propertyPath: m_Layer
      value: 10
      objectReference: {fileID: 0}
    - target: {fileID: 7165290066351998004, guid: da020e434b8308e45a6f117a5a7cac79,
        type: 3}
      propertyPath: m_Layer
      value: 10
      objectReference: {fileID: 0}
    - target: {fileID: 6721170445900264774, guid: da020e434b8308e45a6f117a5a7cac79,
        type: 3}
      propertyPath: m_Layer
      value: 10
      objectReference: {fileID: 0}
    - target: {fileID: 5777059815664425591, guid: da020e434b8308e45a6f117a5a7cac79,
        type: 3}
      propertyPath: m_Layer
      value: 10
      objectReference: {fileID: 0}
    - target: {fileID: 5777059815204797110, guid: da020e434b8308e45a6f117a5a7cac79,
        type: 3}
      propertyPath: thirdPersonWeapon
      value: 
      objectReference: {fileID: 9070446759249939922}
    - target: {fileID: 5777059815204797110, guid: da020e434b8308e45a6f117a5a7cac79,
        type: 3}
      propertyPath: secondShootingEffect
      value: 
      objectReference: {fileID: 8109552357343592992}
    - target: {fileID: 5777059815204797110, guid: da020e434b8308e45a6f117a5a7cac79,
        type: 3}
      propertyPath: secondReloadEffect
      value: 
      objectReference: {fileID: 5261443629620299182}
    - target: {fileID: 5777059815204797110, guid: da020e434b8308e45a6f117a5a7cac79,
        type: 3}
      propertyPath: secondFirePoint
      value: 
      objectReference: {fileID: 9070446759842688278}
    - target: {fileID: 8624529103545193193, guid: da020e434b8308e45a6f117a5a7cac79,
        type: 3}
      propertyPath: m_Layer
      value: 10
      objectReference: {fileID: 0}
    - target: {fileID: 6721170447852604258, guid: da020e434b8308e45a6f117a5a7cac79,
        type: 3}
      propertyPath: m_Layer
      value: 10
      objectReference: {fileID: 0}
    - target: {fileID: 6721170447370804924, guid: da020e434b8308e45a6f117a5a7cac79,
        type: 3}
      propertyPath: m_Layer
      value: 10
      objectReference: {fileID: 0}
    - target: {fileID: 2544237238673299057, guid: da020e434b8308e45a6f117a5a7cac79,
        type: 3}
      propertyPath: m_Layer
      value: 10
      objectReference: {fileID: 0}
    - target: {fileID: 1228583134324078479, guid: da020e434b8308e45a6f117a5a7cac79,
        type: 3}
      propertyPath: m_Layer
      value: 10
      objectReference: {fileID: 0}
    - target: {fileID: 8910458484794610587, guid: da020e434b8308e45a6f117a5a7cac79,
        type: 3}
      propertyPath: m_Materials.Array.data[0]
      value: 
      objectReference: {fileID: 2100000, guid: 929d21b1bf204de4085b743e15181a11, type: 2}
    - target: {fileID: 8910458484794610587, guid: da020e434b8308e45a6f117a5a7cac79,
        type: 3}
      propertyPath: m_Materials.Array.data[1]
      value: 
      objectReference: {fileID: 2100000, guid: 929d21b1bf204de4085b743e15181a11, type: 2}
    - target: {fileID: 3748839816674707646, guid: da020e434b8308e45a6f117a5a7cac79,
        type: 3}
      propertyPath: lengthInSec
      value: 1.7
      objectReference: {fileID: 0}
    m_RemovedComponents: []
  m_SourcePrefab: {fileID: 100100000, guid: da020e434b8308e45a6f117a5a7cac79, type: 3}
--- !u!4 &9070446759048013575 stripped
Transform:
  m_CorrespondingSourceObject: {fileID: 5777059815204797109, guid: da020e434b8308e45a6f117a5a7cac79,
    type: 3}
  m_PrefabInstance: {fileID: 3300168818010185138}
  m_PrefabAsset: {fileID: 0}
--- !u!1001 &3300168818211993446
PrefabInstance:
  m_ObjectHideFlags: 0
  serializedVersion: 2
  m_Modification:
    m_TransformParent: {fileID: 5522626540391100566}
    m_Modifications:
    - target: {fileID: 5777059815204797108, guid: 204b8403c96ac8a42a01f8315fb5edb1,
        type: 3}
      propertyPath: m_Name
      value: AssaultRifleThirdPerson
      objectReference: {fileID: 0}
    - target: {fileID: 5777059815204797108, guid: 204b8403c96ac8a42a01f8315fb5edb1,
        type: 3}
      propertyPath: m_Layer
      value: 12
      objectReference: {fileID: 0}
    - target: {fileID: 5777059815204797109, guid: 204b8403c96ac8a42a01f8315fb5edb1,
        type: 3}
      propertyPath: m_LocalPosition.x
      value: -0.257
      objectReference: {fileID: 0}
    - target: {fileID: 5777059815204797109, guid: 204b8403c96ac8a42a01f8315fb5edb1,
        type: 3}
      propertyPath: m_LocalPosition.y
      value: 0
      objectReference: {fileID: 0}
    - target: {fileID: 5777059815204797109, guid: 204b8403c96ac8a42a01f8315fb5edb1,
        type: 3}
      propertyPath: m_LocalPosition.z
      value: 0
      objectReference: {fileID: 0}
    - target: {fileID: 5777059815204797109, guid: 204b8403c96ac8a42a01f8315fb5edb1,
        type: 3}
      propertyPath: m_LocalRotation.x
      value: 0.5
      objectReference: {fileID: 0}
    - target: {fileID: 5777059815204797109, guid: 204b8403c96ac8a42a01f8315fb5edb1,
        type: 3}
      propertyPath: m_LocalRotation.y
      value: -0.5
      objectReference: {fileID: 0}
    - target: {fileID: 5777059815204797109, guid: 204b8403c96ac8a42a01f8315fb5edb1,
        type: 3}
      propertyPath: m_LocalRotation.z
      value: -0.5
      objectReference: {fileID: 0}
    - target: {fileID: 5777059815204797109, guid: 204b8403c96ac8a42a01f8315fb5edb1,
        type: 3}
      propertyPath: m_LocalRotation.w
      value: 0.5
      objectReference: {fileID: 0}
    - target: {fileID: 5777059815204797109, guid: 204b8403c96ac8a42a01f8315fb5edb1,
        type: 3}
      propertyPath: m_RootOrder
      value: 0
      objectReference: {fileID: 0}
    - target: {fileID: 5777059815204797109, guid: 204b8403c96ac8a42a01f8315fb5edb1,
        type: 3}
      propertyPath: m_LocalEulerAnglesHint.x
      value: 0
      objectReference: {fileID: 0}
    - target: {fileID: 5777059815204797109, guid: 204b8403c96ac8a42a01f8315fb5edb1,
        type: 3}
      propertyPath: m_LocalEulerAnglesHint.y
      value: -90
      objectReference: {fileID: 0}
    - target: {fileID: 5777059815204797109, guid: 204b8403c96ac8a42a01f8315fb5edb1,
        type: 3}
      propertyPath: m_LocalEulerAnglesHint.z
      value: -90
      objectReference: {fileID: 0}
    - target: {fileID: 5777059815664425584, guid: 204b8403c96ac8a42a01f8315fb5edb1,
        type: 3}
      propertyPath: m_LocalPosition.y
      value: -0
      objectReference: {fileID: 0}
    - target: {fileID: 5777059815664425584, guid: 204b8403c96ac8a42a01f8315fb5edb1,
        type: 3}
      propertyPath: m_LocalPosition.z
      value: 0.458
      objectReference: {fileID: 0}
    - target: {fileID: 6721170445900264774, guid: 204b8403c96ac8a42a01f8315fb5edb1,
        type: 3}
      propertyPath: m_Layer
      value: 12
      objectReference: {fileID: 0}
    - target: {fileID: 7262310674617479880, guid: 204b8403c96ac8a42a01f8315fb5edb1,
        type: 3}
      propertyPath: m_Layer
      value: 12
      objectReference: {fileID: 0}
    - target: {fileID: 5777059815664425591, guid: 204b8403c96ac8a42a01f8315fb5edb1,
        type: 3}
      propertyPath: m_Layer
      value: 12
      objectReference: {fileID: 0}
    - target: {fileID: 7165290066351998004, guid: 204b8403c96ac8a42a01f8315fb5edb1,
        type: 3}
      propertyPath: m_Layer
      value: 12
      objectReference: {fileID: 0}
    - target: {fileID: 2544237238673299057, guid: 204b8403c96ac8a42a01f8315fb5edb1,
        type: 3}
      propertyPath: m_Layer
      value: 12
      objectReference: {fileID: 0}
    - target: {fileID: 1228583134324078479, guid: 204b8403c96ac8a42a01f8315fb5edb1,
        type: 3}
      propertyPath: m_Layer
      value: 12
      objectReference: {fileID: 0}
    - target: {fileID: 6721170447370804924, guid: 204b8403c96ac8a42a01f8315fb5edb1,
        type: 3}
      propertyPath: m_Layer
      value: 12
      objectReference: {fileID: 0}
    - target: {fileID: 6721170447852604258, guid: 204b8403c96ac8a42a01f8315fb5edb1,
        type: 3}
      propertyPath: m_Layer
      value: 12
      objectReference: {fileID: 0}
    - target: {fileID: 8624529103545193193, guid: 204b8403c96ac8a42a01f8315fb5edb1,
        type: 3}
      propertyPath: m_Layer
      value: 12
      objectReference: {fileID: 0}
    m_RemovedComponents: []
  m_SourcePrefab: {fileID: 100100000, guid: 204b8403c96ac8a42a01f8315fb5edb1, type: 3}
--- !u!4 &9070446759842688278 stripped
Transform:
  m_CorrespondingSourceObject: {fileID: 5777059815664425584, guid: 204b8403c96ac8a42a01f8315fb5edb1,
    type: 3}
  m_PrefabInstance: {fileID: 3300168818211993446}
  m_PrefabAsset: {fileID: 0}
--- !u!1 &9070446759249939922 stripped
GameObject:
  m_CorrespondingSourceObject: {fileID: 5777059815204797108, guid: 204b8403c96ac8a42a01f8315fb5edb1,
    type: 3}
  m_PrefabInstance: {fileID: 3300168818211993446}
  m_PrefabAsset: {fileID: 0}
--- !u!1 &5261443629620299182 stripped
GameObject:
  m_CorrespondingSourceObject: {fileID: 7262310674617479880, guid: 204b8403c96ac8a42a01f8315fb5edb1,
    type: 3}
  m_PrefabInstance: {fileID: 3300168818211993446}
  m_PrefabAsset: {fileID: 0}
--- !u!1 &8109552357343592992 stripped
GameObject:
  m_CorrespondingSourceObject: {fileID: 6721170445900264774, guid: 204b8403c96ac8a42a01f8315fb5edb1,
    type: 3}
  m_PrefabInstance: {fileID: 3300168818211993446}
  m_PrefabAsset: {fileID: 0}
--- !u!1001 &3300168818739613063
PrefabInstance:
  m_ObjectHideFlags: 0
  serializedVersion: 2
  m_Modification:
    m_TransformParent: {fileID: 5522626540391100566}
    m_Modifications:
    - target: {fileID: 729776531810356569, guid: dd1ddb80a4f6cdc46ad740e039c48886,
        type: 3}
      propertyPath: m_Name
      value: ShotgunThirdPerson
      objectReference: {fileID: 0}
    - target: {fileID: 729776531810356569, guid: dd1ddb80a4f6cdc46ad740e039c48886,
        type: 3}
      propertyPath: m_Layer
      value: 12
      objectReference: {fileID: 0}
    - target: {fileID: 4358347799560978250, guid: dd1ddb80a4f6cdc46ad740e039c48886,
        type: 3}
      propertyPath: m_LocalPosition.x
      value: -0.345
      objectReference: {fileID: 0}
    - target: {fileID: 4358347799560978250, guid: dd1ddb80a4f6cdc46ad740e039c48886,
        type: 3}
      propertyPath: m_LocalPosition.y
      value: -0.027
      objectReference: {fileID: 0}
    - target: {fileID: 4358347799560978250, guid: dd1ddb80a4f6cdc46ad740e039c48886,
        type: 3}
      propertyPath: m_LocalPosition.z
      value: 0.077
      objectReference: {fileID: 0}
    - target: {fileID: 4358347799560978250, guid: dd1ddb80a4f6cdc46ad740e039c48886,
        type: 3}
      propertyPath: m_LocalRotation.x
      value: 0.5
      objectReference: {fileID: 0}
    - target: {fileID: 4358347799560978250, guid: dd1ddb80a4f6cdc46ad740e039c48886,
        type: 3}
      propertyPath: m_LocalRotation.y
      value: -0.5
      objectReference: {fileID: 0}
    - target: {fileID: 4358347799560978250, guid: dd1ddb80a4f6cdc46ad740e039c48886,
        type: 3}
      propertyPath: m_LocalRotation.z
      value: -0.5
      objectReference: {fileID: 0}
    - target: {fileID: 4358347799560978250, guid: dd1ddb80a4f6cdc46ad740e039c48886,
        type: 3}
      propertyPath: m_LocalRotation.w
      value: 0.5
      objectReference: {fileID: 0}
    - target: {fileID: 4358347799560978250, guid: dd1ddb80a4f6cdc46ad740e039c48886,
        type: 3}
      propertyPath: m_RootOrder
      value: 1
      objectReference: {fileID: 0}
    - target: {fileID: 4358347799560978250, guid: dd1ddb80a4f6cdc46ad740e039c48886,
        type: 3}
      propertyPath: m_LocalEulerAnglesHint.x
      value: 0
      objectReference: {fileID: 0}
    - target: {fileID: 4358347799560978250, guid: dd1ddb80a4f6cdc46ad740e039c48886,
        type: 3}
      propertyPath: m_LocalEulerAnglesHint.y
      value: -90
      objectReference: {fileID: 0}
    - target: {fileID: 4358347799560978250, guid: dd1ddb80a4f6cdc46ad740e039c48886,
        type: 3}
      propertyPath: m_LocalEulerAnglesHint.z
      value: -90
      objectReference: {fileID: 0}
    - target: {fileID: 7983994106857079687, guid: dd1ddb80a4f6cdc46ad740e039c48886,
        type: 3}
      propertyPath: m_LocalPosition.x
      value: -0
      objectReference: {fileID: 0}
    - target: {fileID: 7983994106857079687, guid: dd1ddb80a4f6cdc46ad740e039c48886,
        type: 3}
      propertyPath: m_LocalPosition.z
      value: 0.532
      objectReference: {fileID: 0}
    - target: {fileID: 8563813488214886666, guid: dd1ddb80a4f6cdc46ad740e039c48886,
        type: 3}
      propertyPath: m_Layer
      value: 12
      objectReference: {fileID: 0}
    - target: {fileID: 5878769874251476948, guid: dd1ddb80a4f6cdc46ad740e039c48886,
        type: 3}
      propertyPath: m_Layer
      value: 12
      objectReference: {fileID: 0}
    - target: {fileID: 6854343694118349786, guid: dd1ddb80a4f6cdc46ad740e039c48886,
        type: 3}
      propertyPath: m_Layer
      value: 12
      objectReference: {fileID: 0}
    - target: {fileID: 849441357673332823, guid: dd1ddb80a4f6cdc46ad740e039c48886,
        type: 3}
      propertyPath: m_LocalScale.x
      value: 15
      objectReference: {fileID: 0}
    - target: {fileID: 849441357673332823, guid: dd1ddb80a4f6cdc46ad740e039c48886,
        type: 3}
      propertyPath: m_LocalScale.y
      value: 8
      objectReference: {fileID: 0}
    - target: {fileID: 849441357673332823, guid: dd1ddb80a4f6cdc46ad740e039c48886,
        type: 3}
      propertyPath: m_LocalScale.z
      value: 8
      objectReference: {fileID: 0}
    - target: {fileID: 5742357361446080824, guid: dd1ddb80a4f6cdc46ad740e039c48886,
        type: 3}
      propertyPath: m_LocalScale.x
      value: 15
      objectReference: {fileID: 0}
    - target: {fileID: 5742357361446080824, guid: dd1ddb80a4f6cdc46ad740e039c48886,
        type: 3}
      propertyPath: m_LocalScale.y
      value: 8
      objectReference: {fileID: 0}
    - target: {fileID: 5742357361446080824, guid: dd1ddb80a4f6cdc46ad740e039c48886,
        type: 3}
      propertyPath: m_LocalScale.z
      value: 8
      objectReference: {fileID: 0}
    - target: {fileID: 5938909866544687398, guid: dd1ddb80a4f6cdc46ad740e039c48886,
        type: 3}
      propertyPath: m_Layer
      value: 12
      objectReference: {fileID: 0}
    - target: {fileID: 2149992682685811325, guid: dd1ddb80a4f6cdc46ad740e039c48886,
        type: 3}
      propertyPath: m_Layer
      value: 12
      objectReference: {fileID: 0}
    - target: {fileID: 3704113160612152016, guid: dd1ddb80a4f6cdc46ad740e039c48886,
        type: 3}
      propertyPath: m_Layer
      value: 12
      objectReference: {fileID: 0}
    - target: {fileID: 223043912130399744, guid: dd1ddb80a4f6cdc46ad740e039c48886,
        type: 3}
      propertyPath: m_Layer
      value: 12
      objectReference: {fileID: 0}
    - target: {fileID: 8563813489148273392, guid: dd1ddb80a4f6cdc46ad740e039c48886,
        type: 3}
      propertyPath: m_Layer
      value: 12
      objectReference: {fileID: 0}
    - target: {fileID: 8563813489596561198, guid: dd1ddb80a4f6cdc46ad740e039c48886,
        type: 3}
      propertyPath: m_Layer
      value: 12
      objectReference: {fileID: 0}
    m_RemovedComponents: []
  m_SourcePrefab: {fileID: 100100000, guid: dd1ddb80a4f6cdc46ad740e039c48886, type: 3}
--- !u!4 &4827953740521459200 stripped
Transform:
  m_CorrespondingSourceObject: {fileID: 7983994106857079687, guid: dd1ddb80a4f6cdc46ad740e039c48886,
    type: 3}
  m_PrefabInstance: {fileID: 3300168818739613063}
  m_PrefabAsset: {fileID: 0}
--- !u!1 &8960219337156551251 stripped
GameObject:
  m_CorrespondingSourceObject: {fileID: 5878769874251476948, guid: dd1ddb80a4f6cdc46ad740e039c48886,
    type: 3}
  m_PrefabInstance: {fileID: 3300168818739613063}
  m_PrefabAsset: {fileID: 0}
--- !u!1 &6562950755508339853 stripped
GameObject:
  m_CorrespondingSourceObject: {fileID: 8563813488214886666, guid: dd1ddb80a4f6cdc46ad740e039c48886,
    type: 3}
  m_PrefabInstance: {fileID: 3300168818739613063}
  m_PrefabAsset: {fileID: 0}
--- !u!1 &2876711566528643294 stripped
GameObject:
  m_CorrespondingSourceObject: {fileID: 729776531810356569, guid: dd1ddb80a4f6cdc46ad740e039c48886,
    type: 3}
  m_PrefabInstance: {fileID: 3300168818739613063}
  m_PrefabAsset: {fileID: 0}
--- !u!1001 &3300168818953501864
PrefabInstance:
  m_ObjectHideFlags: 0
  serializedVersion: 2
  m_Modification:
    m_TransformParent: {fileID: 3300168817807826176}
    m_Modifications:
    - target: {fileID: -927199367670048503, guid: 4425764965a0230488fe8e3fce5a8c14,
        type: 3}
      propertyPath: m_Name
      value: fastlane bones test
      objectReference: {fileID: 0}
    - target: {fileID: -927199367670048503, guid: 4425764965a0230488fe8e3fce5a8c14,
        type: 3}
      propertyPath: m_Layer
      value: 12
      objectReference: {fileID: 0}
    - target: {fileID: -4147582412635834985, guid: 4425764965a0230488fe8e3fce5a8c14,
        type: 3}
      propertyPath: m_Layer
      value: 12
      objectReference: {fileID: 0}
    - target: {fileID: -8544117762534059437, guid: 4425764965a0230488fe8e3fce5a8c14,
        type: 3}
      propertyPath: m_Layer
      value: 12
      objectReference: {fileID: 0}
    - target: {fileID: -6057140222963153312, guid: 4425764965a0230488fe8e3fce5a8c14,
        type: 3}
      propertyPath: m_Controller
      value: 
      objectReference: {fileID: 9100000, guid: ad2a03ff8ec1b53439005137f70a8ca1, type: 2}
    - target: {fileID: -4216859302048453862, guid: 4425764965a0230488fe8e3fce5a8c14,
        type: 3}
      propertyPath: m_LocalPosition.x
      value: 0
      objectReference: {fileID: 0}
    - target: {fileID: -4216859302048453862, guid: 4425764965a0230488fe8e3fce5a8c14,
        type: 3}
      propertyPath: m_LocalPosition.y
      value: 0.215
      objectReference: {fileID: 0}
    - target: {fileID: -4216859302048453862, guid: 4425764965a0230488fe8e3fce5a8c14,
        type: 3}
      propertyPath: m_LocalPosition.z
      value: 0
      objectReference: {fileID: 0}
    - target: {fileID: -4216859302048453862, guid: 4425764965a0230488fe8e3fce5a8c14,
        type: 3}
      propertyPath: m_LocalRotation.x
      value: 0
      objectReference: {fileID: 0}
    - target: {fileID: -4216859302048453862, guid: 4425764965a0230488fe8e3fce5a8c14,
        type: 3}
      propertyPath: m_LocalRotation.y
      value: 0
      objectReference: {fileID: 0}
    - target: {fileID: -4216859302048453862, guid: 4425764965a0230488fe8e3fce5a8c14,
        type: 3}
      propertyPath: m_LocalRotation.z
      value: 0
      objectReference: {fileID: 0}
    - target: {fileID: -4216859302048453862, guid: 4425764965a0230488fe8e3fce5a8c14,
        type: 3}
      propertyPath: m_LocalRotation.w
      value: 1
      objectReference: {fileID: 0}
    - target: {fileID: -4216859302048453862, guid: 4425764965a0230488fe8e3fce5a8c14,
        type: 3}
      propertyPath: m_RootOrder
      value: 0
      objectReference: {fileID: 0}
    - target: {fileID: -4216859302048453862, guid: 4425764965a0230488fe8e3fce5a8c14,
        type: 3}
      propertyPath: m_LocalEulerAnglesHint.x
      value: 0
      objectReference: {fileID: 0}
    - target: {fileID: -4216859302048453862, guid: 4425764965a0230488fe8e3fce5a8c14,
        type: 3}
      propertyPath: m_LocalEulerAnglesHint.y
      value: 0
      objectReference: {fileID: 0}
    - target: {fileID: -4216859302048453862, guid: 4425764965a0230488fe8e3fce5a8c14,
        type: 3}
      propertyPath: m_LocalEulerAnglesHint.z
      value: 0
      objectReference: {fileID: 0}
    - target: {fileID: -2153363690761211429, guid: 4425764965a0230488fe8e3fce5a8c14,
        type: 3}
      propertyPath: m_Materials.Array.data[0]
      value: 
      objectReference: {fileID: 2100000, guid: 474ec61816498f74fa27856529c5193d, type: 2}
    - target: {fileID: -3280202520744625618, guid: 4425764965a0230488fe8e3fce5a8c14,
        type: 3}
      propertyPath: m_Layer
      value: 12
      objectReference: {fileID: 0}
    - target: {fileID: 4087597478859690609, guid: 4425764965a0230488fe8e3fce5a8c14,
        type: 3}
      propertyPath: m_Layer
      value: 12
      objectReference: {fileID: 0}
    - target: {fileID: 3986110841777137303, guid: 4425764965a0230488fe8e3fce5a8c14,
        type: 3}
      propertyPath: m_Layer
      value: 12
      objectReference: {fileID: 0}
    - target: {fileID: -3866603216723973680, guid: 4425764965a0230488fe8e3fce5a8c14,
        type: 3}
      propertyPath: m_Layer
      value: 12
      objectReference: {fileID: 0}
    - target: {fileID: 6175275475963393116, guid: 4425764965a0230488fe8e3fce5a8c14,
        type: 3}
      propertyPath: m_Layer
      value: 12
      objectReference: {fileID: 0}
    - target: {fileID: 4444273087315915787, guid: 4425764965a0230488fe8e3fce5a8c14,
        type: 3}
      propertyPath: m_Layer
      value: 12
      objectReference: {fileID: 0}
    - target: {fileID: 5148564883614416396, guid: 4425764965a0230488fe8e3fce5a8c14,
        type: 3}
      propertyPath: m_Layer
      value: 12
      objectReference: {fileID: 0}
    - target: {fileID: -2546371388707693715, guid: 4425764965a0230488fe8e3fce5a8c14,
        type: 3}
      propertyPath: m_Layer
      value: 12
      objectReference: {fileID: 0}
    - target: {fileID: -2750885831799830342, guid: 4425764965a0230488fe8e3fce5a8c14,
        type: 3}
      propertyPath: m_Layer
      value: 12
      objectReference: {fileID: 0}
    - target: {fileID: -5878686343939199342, guid: 4425764965a0230488fe8e3fce5a8c14,
        type: 3}
      propertyPath: m_Layer
      value: 12
      objectReference: {fileID: 0}
    - target: {fileID: 749823101480544106, guid: 4425764965a0230488fe8e3fce5a8c14,
        type: 3}
      propertyPath: m_Layer
      value: 12
      objectReference: {fileID: 0}
    - target: {fileID: -9061669338789551293, guid: 4425764965a0230488fe8e3fce5a8c14,
        type: 3}
      propertyPath: m_Layer
      value: 12
      objectReference: {fileID: 0}
    - target: {fileID: 8292734725597483406, guid: 4425764965a0230488fe8e3fce5a8c14,
        type: 3}
      propertyPath: m_Layer
      value: 12
      objectReference: {fileID: 0}
    - target: {fileID: -8529274190628307669, guid: 4425764965a0230488fe8e3fce5a8c14,
        type: 3}
      propertyPath: m_Layer
      value: 12
      objectReference: {fileID: 0}
    - target: {fileID: 2147549930821772731, guid: 4425764965a0230488fe8e3fce5a8c14,
        type: 3}
      propertyPath: m_Layer
      value: 12
      objectReference: {fileID: 0}
    - target: {fileID: 5263906965531180120, guid: 4425764965a0230488fe8e3fce5a8c14,
        type: 3}
      propertyPath: m_Layer
      value: 12
      objectReference: {fileID: 0}
    - target: {fileID: -4152148055333543350, guid: 4425764965a0230488fe8e3fce5a8c14,
        type: 3}
      propertyPath: m_Layer
      value: 12
      objectReference: {fileID: 0}
    - target: {fileID: -9149257163280402294, guid: 4425764965a0230488fe8e3fce5a8c14,
        type: 3}
      propertyPath: m_Layer
      value: 12
      objectReference: {fileID: 0}
    - target: {fileID: -1991232832586786510, guid: 4425764965a0230488fe8e3fce5a8c14,
        type: 3}
      propertyPath: m_Layer
      value: 12
      objectReference: {fileID: 0}
    - target: {fileID: 8228344599590850353, guid: 4425764965a0230488fe8e3fce5a8c14,
        type: 3}
      propertyPath: m_Layer
      value: 12
      objectReference: {fileID: 0}
    - target: {fileID: 3854092302547150008, guid: 4425764965a0230488fe8e3fce5a8c14,
        type: 3}
      propertyPath: m_Layer
      value: 12
      objectReference: {fileID: 0}
    - target: {fileID: 4829125450905519357, guid: 4425764965a0230488fe8e3fce5a8c14,
        type: 3}
      propertyPath: m_Layer
      value: 12
      objectReference: {fileID: 0}
    - target: {fileID: 4829125450905519357, guid: 4425764965a0230488fe8e3fce5a8c14,
        type: 3}
      propertyPath: m_TagString
      value: HeadCollider
      objectReference: {fileID: 0}
    - target: {fileID: -6103147812024316771, guid: 4425764965a0230488fe8e3fce5a8c14,
        type: 3}
      propertyPath: m_Layer
      value: 12
      objectReference: {fileID: 0}
    - target: {fileID: 1483061128739435735, guid: 4425764965a0230488fe8e3fce5a8c14,
        type: 3}
      propertyPath: m_Layer
      value: 12
      objectReference: {fileID: 0}
    m_RemovedComponents: []
  m_SourcePrefab: {fileID: 100100000, guid: 4425764965a0230488fe8e3fce5a8c14, type: 3}
--- !u!1 &8682502877630007540 stripped
GameObject:
  m_CorrespondingSourceObject: {fileID: 6175275475963393116, guid: 4425764965a0230488fe8e3fce5a8c14,
    type: 3}
  m_PrefabInstance: {fileID: 3300168818953501864}
  m_PrefabAsset: {fileID: 0}
--- !u!1 &9202805815992895110 stripped
GameObject:
  m_CorrespondingSourceObject: {fileID: -3280202520744625618, guid: 4425764965a0230488fe8e3fce5a8c14,
    type: 3}
  m_PrefabInstance: {fileID: 3300168818953501864}
  m_PrefabAsset: {fileID: 0}
--- !u!1 &8367245998239626258 stripped
GameObject:
  m_CorrespondingSourceObject: {fileID: -2750885831799830342, guid: 4425764965a0230488fe8e3fce5a8c14,
    type: 3}
  m_PrefabInstance: {fileID: 3300168818953501864}
  m_PrefabAsset: {fileID: 0}
--- !u!1 &6916541524945073049 stripped
GameObject:
  m_CorrespondingSourceObject: {fileID: 8228344599590850353, guid: 4425764965a0230488fe8e3fce5a8c14,
    type: 3}
  m_PrefabInstance: {fileID: 3300168818953501864}
  m_PrefabAsset: {fileID: 0}
--- !u!1 &468881686342250549 stripped
GameObject:
  m_CorrespondingSourceObject: {fileID: -6103147812024316771, guid: 4425764965a0230488fe8e3fce5a8c14,
    type: 3}
  m_PrefabInstance: {fileID: 3300168818953501864}
  m_PrefabAsset: {fileID: 0}
--- !u!4 &5522626540391100566 stripped
Transform:
  m_CorrespondingSourceObject: {fileID: -2204299149226226626, guid: 4425764965a0230488fe8e3fce5a8c14,
    type: 3}
  m_PrefabInstance: {fileID: 3300168818953501864}
  m_PrefabAsset: {fileID: 0}
--- !u!1 &1917703029734152767 stripped
GameObject:
  m_CorrespondingSourceObject: {fileID: 3986110841777137303, guid: 4425764965a0230488fe8e3fce5a8c14,
    type: 3}
  m_PrefabInstance: {fileID: 3300168818953501864}
  m_PrefabAsset: {fileID: 0}
--- !u!1 &1779188526398101520 stripped
GameObject:
  m_CorrespondingSourceObject: {fileID: 3854092302547150008, guid: 4425764965a0230488fe8e3fce5a8c14,
    type: 3}
  m_PrefabInstance: {fileID: 3300168818953501864}
  m_PrefabAsset: {fileID: 0}
--- !u!1 &1180423439547107491 stripped
GameObject:
  m_CorrespondingSourceObject: {fileID: 4444273087315915787, guid: 4425764965a0230488fe8e3fce5a8c14,
    type: 3}
  m_PrefabInstance: {fileID: 3300168818953501864}
  m_PrefabAsset: {fileID: 0}
--- !u!1 &7758599734134628066 stripped
GameObject:
  m_CorrespondingSourceObject: {fileID: -4152148055333543350, guid: 4425764965a0230488fe8e3fce5a8c14,
    type: 3}
  m_PrefabInstance: {fileID: 3300168818953501864}
  m_PrefabAsset: {fileID: 0}
--- !u!1 &7692128878984692388 stripped
GameObject:
  m_CorrespondingSourceObject: {fileID: 5148564883614416396, guid: 4425764965a0230488fe8e3fce5a8c14,
    type: 3}
  m_PrefabInstance: {fileID: 3300168818953501864}
  m_PrefabAsset: {fileID: 0}
--- !u!1 &3455094004938268651 stripped
GameObject:
  m_CorrespondingSourceObject: {fileID: -9061669338789551293, guid: 4425764965a0230488fe8e3fce5a8c14,
    type: 3}
  m_PrefabInstance: {fileID: 3300168818953501864}
  m_PrefabAsset: {fileID: 0}
--- !u!95 &449296741016419016 stripped
Animator:
  m_CorrespondingSourceObject: {fileID: -6057140222963153312, guid: 4425764965a0230488fe8e3fce5a8c14,
    type: 3}
  m_PrefabInstance: {fileID: 3300168818953501864}
  m_PrefabAsset: {fileID: 0}
--- !u!1 &1546597581113388761 stripped
GameObject:
  m_CorrespondingSourceObject: {fileID: 4087597478859690609, guid: 4425764965a0230488fe8e3fce5a8c14,
    type: 3}
  m_PrefabInstance: {fileID: 3300168818953501864}
  m_PrefabAsset: {fileID: 0}
--- !u!1 &3227885883935032354 stripped
GameObject:
  m_CorrespondingSourceObject: {fileID: -9149257163280402294, guid: 4425764965a0230488fe8e3fce5a8c14,
    type: 3}
  m_PrefabInstance: {fileID: 3300168818953501864}
  m_PrefabAsset: {fileID: 0}
--- !u!1 &7982645789812766805 stripped
GameObject:
  m_CorrespondingSourceObject: {fileID: 4829125450905519357, guid: 4425764965a0230488fe8e3fce5a8c14,
    type: 3}
  m_PrefabInstance: {fileID: 3300168818953501864}
  m_PrefabAsset: {fileID: 0}
--- !u!1 &2858490732235856834 stripped
GameObject:
  m_CorrespondingSourceObject: {fileID: 749823101480544106, guid: 4425764965a0230488fe8e3fce5a8c14,
    type: 3}
  m_PrefabInstance: {fileID: 3300168818953501864}
  m_PrefabAsset: {fileID: 0}
--- !u!1 &4132169427103713407 stripped
GameObject:
  m_CorrespondingSourceObject: {fileID: 1483061128739435735, guid: 4425764965a0230488fe8e3fce5a8c14,
    type: 3}
  m_PrefabInstance: {fileID: 3300168818953501864}
  m_PrefabAsset: {fileID: 0}
--- !u!1 &7465735432131827064 stripped
GameObject:
  m_CorrespondingSourceObject: {fileID: -3866603216723973680, guid: 4425764965a0230488fe8e3fce5a8c14,
    type: 3}
  m_PrefabInstance: {fileID: 3300168818953501864}
  m_PrefabAsset: {fileID: 0}
--- !u!1 &262963482899206714 stripped
GameObject:
  m_CorrespondingSourceObject: {fileID: -5878686343939199342, guid: 4425764965a0230488fe8e3fce5a8c14,
    type: 3}
  m_PrefabInstance: {fileID: 3300168818953501864}
  m_PrefabAsset: {fileID: 0}
--- !u!1 &8171208372781524933 stripped
GameObject:
  m_CorrespondingSourceObject: {fileID: -2546371388707693715, guid: 4425764965a0230488fe8e3fce5a8c14,
    type: 3}
  m_PrefabInstance: {fileID: 3300168818953501864}
  m_PrefabAsset: {fileID: 0}
--- !u!4 &7545282825387415474 stripped
Transform:
  m_CorrespondingSourceObject: {fileID: -4216859302048453862, guid: 4425764965a0230488fe8e3fce5a8c14,
    type: 3}
  m_PrefabInstance: {fileID: 3300168818953501864}
  m_PrefabAsset: {fileID: 0}
--- !u!1001 &6110765650740934895
PrefabInstance:
  m_ObjectHideFlags: 0
  serializedVersion: 2
  m_Modification:
    m_TransformParent: {fileID: 3300168817903856437}
    m_Modifications:
    - target: {fileID: 729776531810356569, guid: db3a514d3fece6e40806c152ade7f25d,
        type: 3}
      propertyPath: m_Name
      value: Shotgun
      objectReference: {fileID: 0}
    - target: {fileID: 729776531810356569, guid: db3a514d3fece6e40806c152ade7f25d,
        type: 3}
      propertyPath: m_Layer
      value: 10
      objectReference: {fileID: 0}
    - target: {fileID: 4358347799560978250, guid: db3a514d3fece6e40806c152ade7f25d,
        type: 3}
      propertyPath: m_LocalPosition.x
      value: 0
      objectReference: {fileID: 0}
    - target: {fileID: 4358347799560978250, guid: db3a514d3fece6e40806c152ade7f25d,
        type: 3}
      propertyPath: m_LocalPosition.y
      value: 0.09800005
      objectReference: {fileID: 0}
    - target: {fileID: 4358347799560978250, guid: db3a514d3fece6e40806c152ade7f25d,
        type: 3}
      propertyPath: m_LocalPosition.z
      value: 0.018000185
      objectReference: {fileID: 0}
    - target: {fileID: 4358347799560978250, guid: db3a514d3fece6e40806c152ade7f25d,
        type: 3}
      propertyPath: m_LocalRotation.x
      value: 0
      objectReference: {fileID: 0}
    - target: {fileID: 4358347799560978250, guid: db3a514d3fece6e40806c152ade7f25d,
        type: 3}
      propertyPath: m_LocalRotation.y
      value: 0
      objectReference: {fileID: 0}
    - target: {fileID: 4358347799560978250, guid: db3a514d3fece6e40806c152ade7f25d,
        type: 3}
      propertyPath: m_LocalRotation.z
      value: 0
      objectReference: {fileID: 0}
    - target: {fileID: 4358347799560978250, guid: db3a514d3fece6e40806c152ade7f25d,
        type: 3}
      propertyPath: m_LocalRotation.w
      value: 1
      objectReference: {fileID: 0}
    - target: {fileID: 4358347799560978250, guid: db3a514d3fece6e40806c152ade7f25d,
        type: 3}
      propertyPath: m_RootOrder
      value: 1
      objectReference: {fileID: 0}
    - target: {fileID: 4358347799560978250, guid: db3a514d3fece6e40806c152ade7f25d,
        type: 3}
      propertyPath: m_LocalEulerAnglesHint.x
      value: 0
      objectReference: {fileID: 0}
    - target: {fileID: 4358347799560978250, guid: db3a514d3fece6e40806c152ade7f25d,
        type: 3}
      propertyPath: m_LocalEulerAnglesHint.y
      value: 0
      objectReference: {fileID: 0}
    - target: {fileID: 4358347799560978250, guid: db3a514d3fece6e40806c152ade7f25d,
        type: 3}
      propertyPath: m_LocalEulerAnglesHint.z
      value: 0
      objectReference: {fileID: 0}
    - target: {fileID: 5878769874251476948, guid: db3a514d3fece6e40806c152ade7f25d,
        type: 3}
      propertyPath: m_Layer
      value: 10
      objectReference: {fileID: 0}
    - target: {fileID: 5938909866544687398, guid: db3a514d3fece6e40806c152ade7f25d,
        type: 3}
      propertyPath: m_Layer
      value: 10
      objectReference: {fileID: 0}
    - target: {fileID: 6854343694118349786, guid: db3a514d3fece6e40806c152ade7f25d,
        type: 3}
      propertyPath: m_Layer
      value: 10
      objectReference: {fileID: 0}
    - target: {fileID: 8563813488214886666, guid: db3a514d3fece6e40806c152ade7f25d,
        type: 3}
      propertyPath: m_Layer
      value: 10
      objectReference: {fileID: 0}
    - target: {fileID: 8719323976504753157, guid: db3a514d3fece6e40806c152ade7f25d,
        type: 3}
      propertyPath: thirdPersonWeapon
      value: 
      objectReference: {fileID: 2876711566528643294}
    - target: {fileID: 8719323976504753157, guid: db3a514d3fece6e40806c152ade7f25d,
        type: 3}
      propertyPath: secondShootingEffect
      value: 
      objectReference: {fileID: 6562950755508339853}
    - target: {fileID: 8719323976504753157, guid: db3a514d3fece6e40806c152ade7f25d,
        type: 3}
      propertyPath: secondReloadEffect
      value: 
      objectReference: {fileID: 8960219337156551251}
    - target: {fileID: 8719323976504753157, guid: db3a514d3fece6e40806c152ade7f25d,
        type: 3}
      propertyPath: secondFirePoint
      value: 
      objectReference: {fileID: 4827953740521459200}
    - target: {fileID: 2149992682685811325, guid: db3a514d3fece6e40806c152ade7f25d,
        type: 3}
      propertyPath: m_Layer
      value: 10
      objectReference: {fileID: 0}
    - target: {fileID: 223043912130399744, guid: db3a514d3fece6e40806c152ade7f25d,
        type: 3}
      propertyPath: m_Layer
      value: 10
      objectReference: {fileID: 0}
    - target: {fileID: 3704113160612152016, guid: db3a514d3fece6e40806c152ade7f25d,
        type: 3}
      propertyPath: m_Layer
      value: 10
      objectReference: {fileID: 0}
    - target: {fileID: 8563813489148273392, guid: db3a514d3fece6e40806c152ade7f25d,
        type: 3}
      propertyPath: m_Layer
      value: 10
      objectReference: {fileID: 0}
    - target: {fileID: 8563813489596561198, guid: db3a514d3fece6e40806c152ade7f25d,
        type: 3}
      propertyPath: m_Layer
      value: 10
      objectReference: {fileID: 0}
    - target: {fileID: 8355927914080270595, guid: db3a514d3fece6e40806c152ade7f25d,
        type: 3}
      propertyPath: lengthInSec
      value: 2.5
      objectReference: {fileID: 0}
    - target: {fileID: 8342672406762554159, guid: db3a514d3fece6e40806c152ade7f25d,
        type: 3}
      propertyPath: m_Materials.Array.data[0]
      value: 
      objectReference: {fileID: 2100000, guid: 36fddad2be519db4d87380b97cfe0fff, type: 2}
    - target: {fileID: 8342672406762554159, guid: db3a514d3fece6e40806c152ade7f25d,
        type: 3}
      propertyPath: m_Materials.Array.data[1]
      value: 
      objectReference: {fileID: 2100000, guid: 36fddad2be519db4d87380b97cfe0fff, type: 2}
    m_RemovedComponents: []
  m_SourcePrefab: {fileID: 100100000, guid: db3a514d3fece6e40806c152ade7f25d, type: 3}
--- !u!4 &7545282825746745253 stripped
Transform:
  m_CorrespondingSourceObject: {fileID: 4358347799560978250, guid: db3a514d3fece6e40806c152ade7f25d,
    type: 3}
  m_PrefabInstance: {fileID: 6110765650740934895}
  m_PrefabAsset: {fileID: 0}
