%YAML 1.1
%TAG !u! tag:unity3d.com,2011:
--- !u!1 &1228583134324078479
GameObject:
  m_ObjectHideFlags: 0
  m_CorrespondingSourceObject: {fileID: 0}
  m_PrefabInstance: {fileID: 0}
  m_PrefabAsset: {fileID: 0}
  serializedVersion: 6
  m_Component:
  - component: {fileID: 1594701661482384165}
  - component: {fileID: 2181362640761605013}
  - component: {fileID: 5446394472066885040}
  m_Layer: 0
  m_Name: Base
  m_TagString: Untagged
  m_Icon: {fileID: 0}
  m_NavMeshLayer: 0
  m_StaticEditorFlags: 0
  m_IsActive: 1
--- !u!4 &1594701661482384165
Transform:
  m_ObjectHideFlags: 0
  m_CorrespondingSourceObject: {fileID: 0}
  m_PrefabInstance: {fileID: 0}
  m_PrefabAsset: {fileID: 0}
  m_GameObject: {fileID: 1228583134324078479}
  m_LocalRotation: {x: -0.7071068, y: -0, z: -0, w: 0.7071068}
  m_LocalPosition: {x: 0, y: 0, z: -0.0010000002}
  m_LocalScale: {x: 0.5, y: 0.5000007, z: 0.5000007}
  m_Children: []
  m_Father: {fileID: 6137105032746448423}
  m_RootOrder: 0
  m_LocalEulerAnglesHint: {x: 0, y: 0, z: 0}
--- !u!33 &2181362640761605013
MeshFilter:
  m_ObjectHideFlags: 0
  m_CorrespondingSourceObject: {fileID: 0}
  m_PrefabInstance: {fileID: 0}
  m_PrefabAsset: {fileID: 0}
  m_GameObject: {fileID: 1228583134324078479}
  m_Mesh: {fileID: 9186633843763367028, guid: 74e797b3040e76a44b41c73b6eb304f7, type: 3}
--- !u!23 &5446394472066885040
MeshRenderer:
  m_ObjectHideFlags: 0
  m_CorrespondingSourceObject: {fileID: 0}
  m_PrefabInstance: {fileID: 0}
  m_PrefabAsset: {fileID: 0}
  m_GameObject: {fileID: 1228583134324078479}
  m_Enabled: 1
  m_CastShadows: 1
  m_ReceiveShadows: 1
  m_DynamicOccludee: 1
  m_MotionVectors: 1
  m_LightProbeUsage: 1
  m_ReflectionProbeUsage: 1
  m_RenderingLayerMask: 1
  m_RendererPriority: 0
  m_Materials:
  - {fileID: 2100000, guid: 46202879ade5f4b4cacd21bd3fe42515, type: 2}
  m_StaticBatchInfo:
    firstSubMesh: 0
    subMeshCount: 0
  m_StaticBatchRoot: {fileID: 0}
  m_ProbeAnchor: {fileID: 0}
  m_LightProbeVolumeOverride: {fileID: 0}
  m_ScaleInLightmap: 1
  m_ReceiveGI: 1
  m_PreserveUVs: 0
  m_IgnoreNormalsForChartDetection: 0
  m_ImportantGI: 0
  m_StitchLightmapSeams: 1
  m_SelectedEditorRenderState: 3
  m_MinimumChartSize: 4
  m_AutoUVMaxDistance: 0.5
  m_AutoUVMaxAngle: 89
  m_LightmapParameters: {fileID: 0}
  m_SortingLayerID: 0
  m_SortingLayer: 0
  m_SortingOrder: 0
--- !u!1 &2544237238673299057
GameObject:
  m_ObjectHideFlags: 0
  m_CorrespondingSourceObject: {fileID: 0}
  m_PrefabInstance: {fileID: 0}
  m_PrefabAsset: {fileID: 0}
  serializedVersion: 6
  m_Component:
  - component: {fileID: 105143524292597035}
  - component: {fileID: 6025998660213284186}
  - component: {fileID: 361904914226421139}
  m_Layer: 0
  m_Name: Emissive
  m_TagString: Untagged
  m_Icon: {fileID: 0}
  m_NavMeshLayer: 0
  m_StaticEditorFlags: 0
  m_IsActive: 1
--- !u!4 &105143524292597035
Transform:
  m_ObjectHideFlags: 0
  m_CorrespondingSourceObject: {fileID: 0}
  m_PrefabInstance: {fileID: 0}
  m_PrefabAsset: {fileID: 0}
  m_GameObject: {fileID: 2544237238673299057}
  m_LocalRotation: {x: -0.7071068, y: -0, z: -0, w: 0.7071068}
  m_LocalPosition: {x: 0, y: 0, z: -0.0010000002}
  m_LocalScale: {x: 0.5, y: 0.5000007, z: 0.5000007}
  m_Children: []
  m_Father: {fileID: 6137105032746448423}
  m_RootOrder: 1
  m_LocalEulerAnglesHint: {x: 0, y: 0, z: 0}
--- !u!33 &6025998660213284186
MeshFilter:
  m_ObjectHideFlags: 0
  m_CorrespondingSourceObject: {fileID: 0}
  m_PrefabInstance: {fileID: 0}
  m_PrefabAsset: {fileID: 0}
  m_GameObject: {fileID: 2544237238673299057}
  m_Mesh: {fileID: 7643229109163234770, guid: 74e797b3040e76a44b41c73b6eb304f7, type: 3}
--- !u!23 &361904914226421139
MeshRenderer:
  m_ObjectHideFlags: 0
  m_CorrespondingSourceObject: {fileID: 0}
  m_PrefabInstance: {fileID: 0}
  m_PrefabAsset: {fileID: 0}
  m_GameObject: {fileID: 2544237238673299057}
  m_Enabled: 1
  m_CastShadows: 1
  m_ReceiveShadows: 1
  m_DynamicOccludee: 1
  m_MotionVectors: 1
  m_LightProbeUsage: 1
  m_ReflectionProbeUsage: 1
  m_RenderingLayerMask: 1
  m_RendererPriority: 0
  m_Materials:
  - {fileID: 2100000, guid: 98768645c7944fb4a82a146e79bbecb0, type: 2}
  m_StaticBatchInfo:
    firstSubMesh: 0
    subMeshCount: 0
  m_StaticBatchRoot: {fileID: 0}
  m_ProbeAnchor: {fileID: 0}
  m_LightProbeVolumeOverride: {fileID: 0}
  m_ScaleInLightmap: 1
  m_ReceiveGI: 1
  m_PreserveUVs: 0
  m_IgnoreNormalsForChartDetection: 0
  m_ImportantGI: 0
  m_StitchLightmapSeams: 1
  m_SelectedEditorRenderState: 3
  m_MinimumChartSize: 4
  m_AutoUVMaxDistance: 0.5
  m_AutoUVMaxAngle: 89
  m_LightmapParameters: {fileID: 0}
  m_SortingLayerID: 0
  m_SortingLayer: 0
  m_SortingOrder: 0
--- !u!1 &5777059815204797108
GameObject:
  m_ObjectHideFlags: 0
  m_CorrespondingSourceObject: {fileID: 0}
  m_PrefabInstance: {fileID: 0}
  m_PrefabAsset: {fileID: 0}
  serializedVersion: 6
  m_Component:
  - component: {fileID: 5777059815204797109}
  - component: {fileID: 5777059815204797105}
  - component: {fileID: 5777059815204797110}
  m_Layer: 0
  m_Name: AssaultRifle
  m_TagString: Untagged
  m_Icon: {fileID: 0}
  m_NavMeshLayer: 0
  m_StaticEditorFlags: 0
  m_IsActive: 1
--- !u!4 &5777059815204797109
Transform:
  m_ObjectHideFlags: 0
  m_CorrespondingSourceObject: {fileID: 0}
  m_PrefabInstance: {fileID: 0}
  m_PrefabAsset: {fileID: 0}
  m_GameObject: {fileID: 5777059815204797108}
  m_LocalRotation: {x: 0, y: 0, z: 0, w: 1}
  m_LocalPosition: {x: 0, y: 0, z: 0}
  m_LocalScale: {x: 1, y: 1, z: 1}
  m_Children:
  - {fileID: 5777059815664425584}
  - {fileID: 6137105032746448423}
  - {fileID: 6721170445900264773}
  - {fileID: 8836213330886250029}
  m_Father: {fileID: 0}
  m_RootOrder: 0
  m_LocalEulerAnglesHint: {x: 0, y: 0, z: 0}
--- !u!82 &5777059815204797105
AudioSource:
  m_ObjectHideFlags: 0
  m_CorrespondingSourceObject: {fileID: 0}
  m_PrefabInstance: {fileID: 0}
  m_PrefabAsset: {fileID: 0}
  m_GameObject: {fileID: 5777059815204797108}
  m_Enabled: 1
  serializedVersion: 4
  OutputAudioMixerGroup: {fileID: 0}
  m_audioClip: {fileID: 0}
  m_PlayOnAwake: 0
  m_Volume: 1
  m_Pitch: 1
  Loop: 0
  Mute: 0
  Spatialize: 0
  SpatializePostEffects: 0
  Priority: 128
  DopplerLevel: 1
  MinDistance: 1
  MaxDistance: 500
  Pan2D: 0
  rolloffMode: 0
  BypassEffects: 0
  BypassListenerEffects: 0
  BypassReverbZones: 0
  rolloffCustomCurve:
    serializedVersion: 2
    m_Curve:
    - serializedVersion: 3
      time: 0
      value: 1
      inSlope: 0
      outSlope: 0
      tangentMode: 0
      weightedMode: 0
      inWeight: 0.33333334
      outWeight: 0.33333334
    - serializedVersion: 3
      time: 1
      value: 0
      inSlope: 0
      outSlope: 0
      tangentMode: 0
      weightedMode: 0
      inWeight: 0.33333334
      outWeight: 0.33333334
    m_PreInfinity: 2
    m_PostInfinity: 2
    m_RotationOrder: 4
  panLevelCustomCurve:
    serializedVersion: 2
    m_Curve:
    - serializedVersion: 3
      time: 0
      value: 0
      inSlope: 0
      outSlope: 0
      tangentMode: 0
      weightedMode: 0
      inWeight: 0.33333334
      outWeight: 0.33333334
    m_PreInfinity: 2
    m_PostInfinity: 2
    m_RotationOrder: 4
  spreadCustomCurve:
    serializedVersion: 2
    m_Curve:
    - serializedVersion: 3
      time: 0
      value: 0
      inSlope: 0
      outSlope: 0
      tangentMode: 0
      weightedMode: 0
      inWeight: 0.33333334
      outWeight: 0.33333334
    m_PreInfinity: 2
    m_PostInfinity: 2
    m_RotationOrder: 4
  reverbZoneMixCustomCurve:
    serializedVersion: 2
    m_Curve:
    - serializedVersion: 3
      time: 0
      value: 1
      inSlope: 0
      outSlope: 0
      tangentMode: 0
      weightedMode: 0
      inWeight: 0.33333334
      outWeight: 0.33333334
    m_PreInfinity: 2
    m_PostInfinity: 2
    m_RotationOrder: 4
--- !u!114 &5777059815204797110
MonoBehaviour:
  m_ObjectHideFlags: 0
  m_CorrespondingSourceObject: {fileID: 0}
  m_PrefabInstance: {fileID: 0}
  m_PrefabAsset: {fileID: 0}
  m_GameObject: {fileID: 5777059815204797108}
  m_Enabled: 1
  m_EditorHideFlags: 0
  m_Script: {fileID: 11500000, guid: cb77c81291c72be4881223d5c8e013a0, type: 3}
  m_Name: 
  m_EditorClassIdentifier: 
  CurrentFireMode: 0
  hitLayer:
    serializedVersion: 2
    m_Bits: 4294967295
  hitEffect: {fileID: 393479284428375436, guid: fdf62696f970d5444bbbf5c2dcf00653,
    type: 3}
  shootingEffect: {fileID: 6721170445900264774}
  shootingTrail: {fileID: 2979335855236099671, guid: 83827e7337c41694dab63ab84a4445d3,
    type: 3}
  reloadEffect: {fileID: 7262310674617479880}
  shootingSound: {fileID: 8300000, guid: 213c449632dc2ba48a473fa32de1f417, type: 3}
  defaultHitSound: {fileID: 8300000, guid: 4022fe3ef6ce566429889c71df114323, type: 3}
  humanHitSound: {fileID: 8300000, guid: ea4a35d9f7a3d864a9214b9ccbc27c0e, type: 3}
  firePoint: {fileID: 5777059815664425584}
  spray: 0.03
  damage: 50
  headshotMultiplier: 2.5
  reloadTime: 3
  bulletRange: 100
  fireRate: 5
  maxAmmo: 250
  currentMaxAmmo: 100
  magazineSize: 30
  crossHair: {fileID: 21300000, guid: 43274033767546642b788d2bb035041e, type: 3}
  changeFOVTime: 0.03
--- !u!1 &5777059815664425591
GameObject:
  m_ObjectHideFlags: 0
  m_CorrespondingSourceObject: {fileID: 0}
  m_PrefabInstance: {fileID: 0}
  m_PrefabAsset: {fileID: 0}
  serializedVersion: 6
  m_Component:
  - component: {fileID: 5777059815664425584}
  m_Layer: 0
  m_Name: FirePoint
  m_TagString: Untagged
  m_Icon: {fileID: 0}
  m_NavMeshLayer: 0
  m_StaticEditorFlags: 0
  m_IsActive: 1
--- !u!4 &5777059815664425584
Transform:
  m_ObjectHideFlags: 0
  m_CorrespondingSourceObject: {fileID: 0}
  m_PrefabInstance: {fileID: 0}
  m_PrefabAsset: {fileID: 0}
  m_GameObject: {fileID: 5777059815664425591}
  m_LocalRotation: {x: 0, y: 0, z: 0, w: 1}
  m_LocalPosition: {x: 0, y: -0.024, z: 0.778}
  m_LocalScale: {x: 1, y: 1, z: 1}
  m_Children: []
  m_Father: {fileID: 5777059815204797109}
  m_RootOrder: 0
  m_LocalEulerAnglesHint: {x: 0, y: 0, z: 0}
--- !u!1 &7165290066351998004
GameObject:
  m_ObjectHideFlags: 0
  m_CorrespondingSourceObject: {fileID: 0}
  m_PrefabInstance: {fileID: 0}
  m_PrefabAsset: {fileID: 0}
  serializedVersion: 6
  m_Component:
  - component: {fileID: 6137105032746448423}
  m_Layer: 0
  m_Name: ARMesh
  m_TagString: Untagged
  m_Icon: {fileID: 0}
  m_NavMeshLayer: 0
  m_StaticEditorFlags: 0
  m_IsActive: 1
--- !u!4 &6137105032746448423
Transform:
  m_ObjectHideFlags: 0
  m_CorrespondingSourceObject: {fileID: 0}
  m_PrefabInstance: {fileID: 0}
  m_PrefabAsset: {fileID: 0}
  m_GameObject: {fileID: 7165290066351998004}
  m_LocalRotation: {x: -0, y: -0, z: -0, w: 1}
  m_LocalPosition: {x: 0, y: 0, z: 0.013}
  m_LocalScale: {x: 1, y: 1, z: 1}
  m_Children:
  - {fileID: 1594701661482384165}
  - {fileID: 105143524292597035}
  m_Father: {fileID: 5777059815204797109}
  m_RootOrder: 1
  m_LocalEulerAnglesHint: {x: 0, y: 0, z: 0}
--- !u!1001 &3456481199860864081
PrefabInstance:
  m_ObjectHideFlags: 0
  serializedVersion: 2
  m_Modification:
    m_TransformParent: {fileID: 5777059815204797109}
    m_Modifications:
    - target: {fileID: 8264536047962611991, guid: e09d9b7a4b6358542b1ef9078d3f715e,
        type: 3}
      propertyPath: m_Name
      value: ShootLight
      objectReference: {fileID: 0}
    - target: {fileID: 8264536047962611991, guid: e09d9b7a4b6358542b1ef9078d3f715e,
        type: 3}
      propertyPath: m_IsActive
      value: 0
      objectReference: {fileID: 0}
    - target: {fileID: 8264536047962611988, guid: e09d9b7a4b6358542b1ef9078d3f715e,
        type: 3}
      propertyPath: m_LocalPosition.x
      value: 0
      objectReference: {fileID: 0}
    - target: {fileID: 8264536047962611988, guid: e09d9b7a4b6358542b1ef9078d3f715e,
        type: 3}
      propertyPath: m_LocalPosition.y
      value: 0.07
      objectReference: {fileID: 0}
    - target: {fileID: 8264536047962611988, guid: e09d9b7a4b6358542b1ef9078d3f715e,
        type: 3}
      propertyPath: m_LocalPosition.z
      value: 0.778
      objectReference: {fileID: 0}
    - target: {fileID: 8264536047962611988, guid: e09d9b7a4b6358542b1ef9078d3f715e,
        type: 3}
      propertyPath: m_LocalRotation.x
      value: 0
      objectReference: {fileID: 0}
    - target: {fileID: 8264536047962611988, guid: e09d9b7a4b6358542b1ef9078d3f715e,
        type: 3}
      propertyPath: m_LocalRotation.y
      value: 0
      objectReference: {fileID: 0}
    - target: {fileID: 8264536047962611988, guid: e09d9b7a4b6358542b1ef9078d3f715e,
        type: 3}
      propertyPath: m_LocalRotation.z
      value: 0
      objectReference: {fileID: 0}
    - target: {fileID: 8264536047962611988, guid: e09d9b7a4b6358542b1ef9078d3f715e,
        type: 3}
      propertyPath: m_LocalRotation.w
      value: 1
      objectReference: {fileID: 0}
    - target: {fileID: 8264536047962611988, guid: e09d9b7a4b6358542b1ef9078d3f715e,
        type: 3}
      propertyPath: m_RootOrder
      value: 2
      objectReference: {fileID: 0}
    - target: {fileID: 8264536047962611988, guid: e09d9b7a4b6358542b1ef9078d3f715e,
        type: 3}
      propertyPath: m_LocalEulerAnglesHint.x
      value: 0
      objectReference: {fileID: 0}
    - target: {fileID: 8264536047962611988, guid: e09d9b7a4b6358542b1ef9078d3f715e,
        type: 3}
      propertyPath: m_LocalEulerAnglesHint.y
      value: 0
      objectReference: {fileID: 0}
    - target: {fileID: 8264536047962611988, guid: e09d9b7a4b6358542b1ef9078d3f715e,
        type: 3}
      propertyPath: m_LocalEulerAnglesHint.z
      value: 0
      objectReference: {fileID: 0}
    m_RemovedComponents: []
  m_SourcePrefab: {fileID: 100100000, guid: e09d9b7a4b6358542b1ef9078d3f715e, type: 3}
--- !u!1 &6721170445900264774 stripped
GameObject:
  m_CorrespondingSourceObject: {fileID: 8264536047962611991, guid: e09d9b7a4b6358542b1ef9078d3f715e,
    type: 3}
  m_PrefabInstance: {fileID: 3456481199860864081}
  m_PrefabAsset: {fileID: 0}
--- !u!4 &6721170445900264773 stripped
Transform:
  m_CorrespondingSourceObject: {fileID: 8264536047962611988, guid: e09d9b7a4b6358542b1ef9078d3f715e,
    type: 3}
  m_PrefabInstance: {fileID: 3456481199860864081}
  m_PrefabAsset: {fileID: 0}
--- !u!1001 &8587051939942847926
PrefabInstance:
  m_ObjectHideFlags: 0
  serializedVersion: 2
  m_Modification:
    m_TransformParent: {fileID: 5777059815204797109}
    m_Modifications:
    - target: {fileID: 1433199295909422974, guid: 28c2b6364714ae84385f88c93d225347,
        type: 3}
      propertyPath: m_Name
      value: AssaultRifle_Reload
      objectReference: {fileID: 0}
    - target: {fileID: 976118982846487451, guid: 28c2b6364714ae84385f88c93d225347,
        type: 3}
      propertyPath: m_LocalPosition.x
      value: 0
      objectReference: {fileID: 0}
    - target: {fileID: 976118982846487451, guid: 28c2b6364714ae84385f88c93d225347,
        type: 3}
      propertyPath: m_LocalPosition.y
      value: 0.016
      objectReference: {fileID: 0}
    - target: {fileID: 976118982846487451, guid: 28c2b6364714ae84385f88c93d225347,
        type: 3}
      propertyPath: m_LocalPosition.z
      value: 0.344
      objectReference: {fileID: 0}
    - target: {fileID: 976118982846487451, guid: 28c2b6364714ae84385f88c93d225347,
        type: 3}
      propertyPath: m_LocalRotation.x
      value: -0
      objectReference: {fileID: 0}
    - target: {fileID: 976118982846487451, guid: 28c2b6364714ae84385f88c93d225347,
        type: 3}
      propertyPath: m_LocalRotation.y
      value: -0
      objectReference: {fileID: 0}
    - target: {fileID: 976118982846487451, guid: 28c2b6364714ae84385f88c93d225347,
        type: 3}
      propertyPath: m_LocalRotation.z
      value: -0
      objectReference: {fileID: 0}
    - target: {fileID: 976118982846487451, guid: 28c2b6364714ae84385f88c93d225347,
        type: 3}
      propertyPath: m_LocalRotation.w
      value: 1
      objectReference: {fileID: 0}
    - target: {fileID: 976118982846487451, guid: 28c2b6364714ae84385f88c93d225347,
        type: 3}
      propertyPath: m_RootOrder
      value: 3
      objectReference: {fileID: 0}
    - target: {fileID: 976118982846487451, guid: 28c2b6364714ae84385f88c93d225347,
        type: 3}
      propertyPath: m_LocalEulerAnglesHint.x
      value: 0
      objectReference: {fileID: 0}
    - target: {fileID: 976118982846487451, guid: 28c2b6364714ae84385f88c93d225347,
        type: 3}
      propertyPath: m_LocalEulerAnglesHint.y
      value: 0
      objectReference: {fileID: 0}
    - target: {fileID: 976118982846487451, guid: 28c2b6364714ae84385f88c93d225347,
        type: 3}
      propertyPath: m_LocalEulerAnglesHint.z
      value: 0
      objectReference: {fileID: 0}
    m_RemovedComponents: []
  m_SourcePrefab: {fileID: 100100000, guid: 28c2b6364714ae84385f88c93d225347, type: 3}
--- !u!1 &7262310674617479880 stripped
GameObject:
  m_CorrespondingSourceObject: {fileID: 1433199295909422974, guid: 28c2b6364714ae84385f88c93d225347,
    type: 3}
  m_PrefabInstance: {fileID: 8587051939942847926}
  m_PrefabAsset: {fileID: 0}
--- !u!4 &8836213330886250029 stripped
Transform:
  m_CorrespondingSourceObject: {fileID: 976118982846487451, guid: 28c2b6364714ae84385f88c93d225347,
    type: 3}
  m_PrefabInstance: {fileID: 8587051939942847926}
  m_PrefabAsset: {fileID: 0}
